@online{I2C_specs,
	author = "NXP Semiconductors",
    title = "I2C-bus specification and user manual",
    url = {https://www.nxp.com/docs/en/user-guide/UM10204.pdf},
    urldate = {2014-04-4}
}
@book{citovani,
	author = "Roman Beránek",
	title = "Proč je citování nutná pakárna",
	journal = "Rozhovory se SOČkaři",
	date = {2014-10-21},
	address = "Brno"
}